<?xml version="1.0" encoding="UTF-8"?><collection xmlns="http://www.loc.gov/MARC21/slim"><record><leader>00347nam--2200133-i-4500</leader><controlfield tag="001">000035628</controlfield><controlfield tag="002">20161230</controlfield><controlfield tag="005">20161230201040</controlfield><controlfield tag="008">060222s1000------------r-----000-0-eng-d</controlfield><datafield ind1=" " ind2=" " tag="080"><subfield code="a">543.5</subfield></datafield><datafield ind1=" " ind2=" " tag="100"><subfield code="a">Murray, R.W. And Reilley, C.N</subfield></datafield><datafield ind1=" " ind2=" " tag="245"><subfield code="a">Electroanalytical principles</subfield></datafield><datafield ind1=" " ind2=" " tag="260"><subfield code="a">New York, Interscience Publ., 1963, /2109-2232</subfield></datafield><datafield ind1=" " ind2=" " tag="852"><subfield code="a">27324</subfield></datafield></record></collection>